@misc{INT,
  title =	 {{In-band Network Telemetry (INT)}},
  howpublished = {\url{https://p4.org/assets/INT-current-spec.pdf}},
  note =         {Accessed: 2019-02-28}
}

@misc{IFA,
  title =	 {{Inband Flow Analyzer}},
  howpublished = {\url{https://tools.ietf.org/pdf/draft-kumar-ippm-ifa-01.pdf}},
  note =         {Accessed: 2019-02-28}
}

